<?xml version="1.0" encoding="UTF-8"?><collection xmlns="http://www.loc.gov/MARC21/slim"><record><leader>00481nam--2200181-i-4500</leader><controlfield tag="001">000015042</controlfield><controlfield tag="002">20161230</controlfield><controlfield tag="005">20170127201202</controlfield><controlfield tag="008">060222s1000------------r-----000-0-eng-d</controlfield><datafield ind1=" " ind2=" " tag="080"><subfield code="a">621.96.62.004.6(024)</subfield></datafield><datafield ind1=" " ind2=" " tag="100"><subfield code="a">Ciulin, Dan</subfield></datafield><datafield ind1=" " ind2=" " tag="245"><subfield code="a">Repararea radioreceptoarelor. Indreptar</subfield></datafield><datafield ind1=" " ind2=" " tag="260"><subfield code="a">Bucuresti</subfield><subfield code="b">Editura Tehnica</subfield><subfield code="c">1969</subfield></datafield><datafield ind1=" " ind2=" " tag="300"><subfield code="a">144 p</subfield></datafield><datafield ind1=" " ind2=" " tag="490"><subfield code="a">Colectia Radio Si Televiziune</subfield></datafield><datafield ind1=" " ind2=" " tag="700"><subfield code="a">Evanovici, Eduard</subfield></datafield><datafield ind1=" " ind2=" " tag="852"><subfield code="a">76240</subfield></datafield><datafield ind1=" " ind2=" " tag="CAT"><subfield code="a">SYS</subfield><subfield code="c">20170127</subfield><subfield code="h">201202</subfield></datafield></record></collection>